@inproceedings{Foote1999,
address = {New York, NY, USA},
author = {Foote, Jonathan},
booktitle = {Proc. of the 7th ACM International Conference on Multimedia},
doi = {10.1145/319463.319472},
file = {:Users/uri/Documents/Mendeley Desktop/Foote - 1999 - Visualizing music and audio using self-similarity.pdf:pdf},
isbn = {1581131518},
pages = {77--80},
publisher = {ACM Press},
title = {{Visualizing music and audio using self-similarity}},
url = {http://portal.acm.org/citation.cfm?doid=319463.319472},
year = {1999}
}
@article{Holzapfel2012,
author = {Holzapfel, Andr\'{e} and Davies, Matthew E P and Zapata, Jos\'{e} R and Oliveira, J. Lobato and Gouyon, Fabien},
file = {:Users/uri/Documents/Mendeley Desktop/Holzapfel et al. - 2012 - Selective Sampling for Beat Tracking Evaluation.pdf:pdf},
journal = {IEEE Transactions On Audio, Speech, And Language Processing},
number = {9},
pages = {2539--2548},
title = {{Selective Sampling for Beat Tracking Evaluation}},
volume = {20},
year = {2012}
}
@article{Levy2008,
author = {Levy, Mark and Sandler, Mark},
doi = {10.1109/TASL.2007.910781},
file = {:Users/uri/Documents/Mendeley Desktop//Levy, Sandler - 2008 - Structural Segmentation of Musical Audio by Constrained Clustering.pdf:pdf},
issn = {1558-7916},
journal = {IEEE Transactions on Audio, Speech, and Language Processing},
month = feb,
number = {2},
pages = {318--326},
publisher = {IEEE},
title = {{Structural Segmentation of Musical Audio by Constrained Clustering}},
url = {http://ieeexplore.ieee.org/xpls/abs\_all.jsp?arnumber=4432648},
volume = {16},
year = {2008}
}
@inproceedings{McFee2014,
address = {Florence, Italy},
author = {McFee, Brian and Ellis, Daniel P W},
booktitle = {Proc. of the 39th IEEE International Conference on Acoustics Speech and Signal Processing},
file = {:Users/uri/Documents/Mendeley Desktop/McFee, Ellis - Unknown - LEARNING TO SEGMENT SONGS WITH ORDINAL LINEAR DISCRIMINANT ANALYSIS.pdf:pdf},
title = {{Learning to Segment Songs with Ordinal Linear Discriminant Analysis}},
year = {2014}
}
@inproceedings{Nieto2013,
address = {Curitiba, Brazil},
author = {Nieto, Oriol and Smith, Jordan B. L.},
booktitle = {Proc. of the 14th International Society for Music Information Retrieval Conference},
file = {:Users/uri/Documents/Mendeley Desktop/ISMIR2013-LateBreakSegmentation.pdf:pdf},
title = {{2013 Late-break Session on Music Segmentation}},
year = {2013}
}
@inproceedings{Ong2005,
address = {Barcelona, Spain},
author = {Ong, Bee Suan and Herrera, Perfecto},
booktitle = {Proc. 32nd of the International Computer Music Conference},
file = {:Users/uri/Documents/Mendeley Desktop/Ong, Herrera - 2005 - Semantic Segmentation of Music Audio Contents.pdf:pdf},
title = {{Semantic Segmentation of Music Audio Contents}},
year = {2005}
}
@article{Serra2013,
author = {Serr\`{a}, Joan and M\"{u}ller, Meinard and Grosche, Peter and Arcos, Josep Llu\'{\i}s},
file = {:Users/uri/Documents/Mendeley Desktop/Serr\`{a} et al. - 2013 - Unsupervised Music Structure Annotation by Time Series Structure Features and Segment Similarity.pdf:pdf},
journal = {IEEE Transactions on Multimedia, Special Issue on Music Data Mining},
title = {{Unsupervised Music Structure Annotation by Time Series Structure Features and Segment Similarity}},
year = {2014}
}
@inproceedings{Smith2011,
address = {Miami, FL, USA},
author = {Smith, Jordan B. and Burgoyne, J. Ashley and Fujinaga, Ichiro and {De Roure}, David and Downie, J. Stephen},
booktitle = {Proc. of the 12th International Society of Music Information Retrieval},
file = {:Users/uri/Documents/Mendeley Desktop/Smith et al. - 2011 - Design and Creation of a Large-Scale Database of Structural Annotations.pdf:pdf},
pages = {555--560},
title = {{Design and Creation of a Large-Scale Database of Structural Annotations}},
url = {http://www.mirlab.org/conference\_papers/International\_Conference/ISMIR 2011/papers/PS4-14.pdf},
year = {2011}
}
@article{Weiss2011,
author = {Weiss, Ron and Bello, Juan Pablo},
file = {:Users/uri/Documents/Mendeley Desktop/Weiss, Bello - 2011 - Unsupervised Discovery of Temporal Structure in Music.pdf:pdf},
journal = {IEEE Journal of Selected Topics in Signal Processing},
number = {6},
pages = {1240--1251},
publisher = {IEEE},
title = {{Unsupervised Discovery of Temporal Structure in Music}},
volume = {5},
year = {2011}
}
